
@article{sasaiAccelerometerassessedPhysicalActivity2022,
  title     = {Accelerometer-Assessed Physical Activity among Community-Dwelling Older {{Japanese}} Adults in {{Tokyo}}: {{Japan Sustainable Lifespace}} and {{Activities}} with/Post the {{COVID}}-19 Pandemic for Older Adults ({{J}}-{{SLAC}}) {{Study}}},
  author    = {Sasai, Hiroyuki and Ando, Takafumi and Kishimoto, Hiro and Kojima, Narumi and Osuka, Yosuke and Kim, Hunkyung},
  year      = {2022},
  journal   = {Research in Exercise Epidemiology},
  publisher = {{Japanese Association of Exercise Epidemiology}},
  issn      = {1347-5827},
  doi       = {10.24804/ree.2136},
  file      = {/Users/norihanda/Zotero/storage/UE552Y9N/advpub_2136.pdf}
}
